<?xml version="1.0" encoding="UTF-8"?><collection xmlns="http://www.loc.gov/MARC21/slim"><record><leader>00390nam--2200121-i-4500</leader><controlfield tag="001">000004924</controlfield><controlfield tag="002">20161230</controlfield><controlfield tag="005">20161230201026</controlfield><controlfield tag="008">060222s1000------------r-----000-0-eng-d</controlfield><datafield ind1=" " ind2=" " tag="080"><subfield code="a">61</subfield></datafield><datafield ind1=" " ind2=" " tag="245"><subfield code="a">Comprehensive inorganic chemistry. principles of atomic and molecular structure. theoretical and applied nuclear chemistry</subfield></datafield><datafield ind1=" " ind2=" " tag="260"><subfield code="a">New York, Van Nostrand, 1956 (Reprinted) -57</subfield></datafield><datafield ind1=" " ind2=" " tag="852"><subfield code="a">12979</subfield></datafield></record></collection>